Automatically generated by Mendeley Desktop 1.19.3
Any changes to this file will be lost if it is regenerated by Mendeley.

BibTeX export options can be customized via Options -> BibTeX in Mendeley Desktop

@article{Wehling2011,
author = {{Wehling, T O}, E and Friedrich, C and Lichtenstein, A I and Katsnelson, M I and Bl{\"{u}}gel, S},
doi = {10.1103/PhysRevLett.106.236805},
journal = {Phys. Rev. Lett.},
number = {23},
pages = {236805},
publisher = {American Physical Society},
title = {{Strength of Effective Coulomb Interactions in Graphene and Graphite}},
volume = {106},
year = {2011}
}
@article{Zelezny2014,
archivePrefix = {arXiv},
arxivId = {1410.8296},
author = {{\v{Z}}elezn{\'{y}}, J. and Gao, H. and V{\'{y}}born{\'{y}}, K. and Zemen, J. and Ma{\v{s}}ek, J. and Manchon, Aur{\'{e}}lien and Wunderlich, J. and Sinova, Jairo and Jungwirth, T.},
doi = {10.1103/PhysRevLett.113.157201},
eprint = {1410.8296},
journal = {Physical Review Letters},
title = {{Relativistic n{\'{e}}el-order fields induced by electrical current in antiferromagnets}},
year = {2014}
}
@article{Vaezi2012,
archivePrefix = {arXiv},
arxivId = {1110.0116},
author = {Vaezi, Abolhassan and Mashkoori, Mahdi and Hosseini, Mehdi},
doi = {10.1103/PhysRevB.85.195126},
eprint = {1110.0116},
journal = {Physical Review B - Condensed Matter and Materials Physics},
number = {19},
pages = {195126},
publisher = {American Physical Society},
title = {{Phase diagram of the strongly correlated Kane-Mele-Hubbard model}},
volume = {85},
year = {2012}
}
@article{Zyuzin2018,
author = {Zyuzin, Vladimir A and Kovalev, Alexey A},
doi = {10.1103/PhysRevB.97.174407},
journal = {Phys. Rev. B},
number = {17},
pages = {174407},
publisher = {American Physical Society},
title = {{Spin Hall and Nernst effects of Weyl magnons}},
url = {https://link.aps.org/doi/10.1103/PhysRevB.97.174407},
volume = {97},
year = {2018}
}
@article{Uchida2006,
author = {Uchida, Masaya and Onose, Yoshinori and Matsui, Yoshio and Tokura, Yoshinori},
doi = {10.1126/science.1120639},
journal = {Science},
number = {5759},
pages = {359--361},
publisher = {American Association for the Advancement of Science},
title = {{Real-Space Observation of Helical Spin Order}},
url = {http://science.sciencemag.org/content/311/5759/359},
volume = {311},
year = {2006}
}
@article{Tveten2016,
archivePrefix = {arXiv},
arxivId = {1506.06561},
author = {Tveten, Erlend G. and M{\"{u}}ller, Tristan and Linder, Jacob and Brataas, Arne},
doi = {10.1103/PhysRevB.93.104408},
eprint = {1506.06561},
journal = {Physical Review B},
title = {{Intrinsic magnetization of antiferromagnetic textures}},
year = {2016}
}
@article{Hubbard1963,
archivePrefix = {arXiv},
arxivId = {arXiv:1205.0516v2},
author = {Hubbard, J.},
doi = {10.1016/j.tetlet.2004.08.102},
eprint = {arXiv:1205.0516v2},
journal = {Proceedings of the Royal Society A: Mathematical, Physical and Engineering Sciences},
title = {{Electron Correlations in Narrow Energy Bands}},
year = {1963}
}
@article{Reuther2011,
author = {Reuther, Johannes and Abanin, Dmitry A and Thomale, Ronny},
doi = {10.1103/PhysRevB.84.014417},
file = {:C$\backslash$:/Users/Usuario/AppData/Local/Mendeley Ltd./Mendeley Desktop/Downloaded/Reuther, Abanin, Thomale - 2011 - Magnetic order and paramagnetic phases in the quantum J 1-J 2-J 3 honeycomb model.pdf:pdf},
journal = {PHYSICAL REVIEW B},
keywords = {7510Jm,7510Kt,PACS number(s)},
pages = {14417},
title = {{Magnetic order and paramagnetic phases in the quantum J 1-J 2-J 3 honeycomb model}},
volume = {84},
year = {2011}
}
@article{Stepanov2017,
archivePrefix = {arXiv},
arxivId = {1611.05075},
author = {Stepanov, E. A. and Dutreix, C. and Katsnelson, M. I.},
doi = {10.1103/PhysRevLett.118.157201},
eprint = {1611.05075},
journal = {Physical Review Letters},
title = {{Dynamical and Reversible Control of Topological Spin Textures}},
year = {2017}
}
@article{Alexandrov1981,
author = {Alexandrov, A. and Ranninger, J.},
doi = {10.1103/PhysRevB.24.1164},
journal = {Physical Review B},
title = {{Bipolaronic superconductivity}},
year = {1981}
}
@article{Mulder2010,
author = {Mulder, A and Ganesh, R and Capriotti, L and Paramekanti, A},
doi = {10.1103/PhysRevB.81.214419},
journal = {Phys. Rev. B},
number = {21},
pages = {214419},
publisher = {American Physical Society},
title = {{Spiral order by disorder and lattice nematic order in a frustrated Heisenberg antiferromagnet on the honeycomb lattice}},
url = {https://link.aps.org/doi/10.1103/PhysRevB.81.214419},
volume = {81},
year = {2010}
}
@article{Moriya1960,
author = {Moriya, T{\^{o}}ru},
doi = {10.1103/PhysRev.120.91},
journal = {Physical Review},
title = {{Anisotropic superexchange interaction and weak ferromagnetism}},
year = {1960}
}
@article{Schuler2013,
author = {Sch{\"{u}}ler, M and R{\"{o}}sner, M and Wehling, T O and Lichtenstein, A I and Katsnelson, M I},
doi = {10.1103/PhysRevLett.111.036601},
journal = {Phys. Rev. Lett.},
number = {3},
pages = {36601},
publisher = {American Physical Society},
title = {{Optimal Hubbard Models for Materials with Nonlocal Coulomb Interactions: Graphene, Silicene, and Benzene}},
url = {https://link.aps.org/doi/10.1103/PhysRevLett.111.036601},
volume = {111},
year = {2013}
}
@article{Qaiumzadeh2016,
archivePrefix = {arXiv},
arxivId = {1602.08305},
author = {Qaiumzadeh, Alireza and Titov, Mikhail},
doi = {10.1103/PhysRevB.94.014425},
eprint = {1602.08305},
journal = {Physical Review B},
title = {{Theory of light-induced effective magnetic field in Rashba ferromagnets}},
year = {2016}
}
@article{Owerre2016,
author = {Owerre, S A},
doi = {10.1088/0953-8984/28/38/386001},
journal = {Journal of Physics: Condensed Matter},
number = {38},
pages = {386001},
publisher = {IOP Publishing},
title = {{A first theoretical realization of honeycomb topological magnon insulator}},
url = {http://stacks.iop.org/0953-8984/28/i=38/a=386001?key=crossref.7d06b4e5a3a48e6187cde5c08c609795},
volume = {28},
year = {2016}
}
@article{Demokritov1985,
author = {{O. Demokritov}, S and {M. Kreines}, N and {I. Kudinov}, V},
journal = {Jetp Letters - JETP LETT-ENGL TR},
title = {{Observation of a new light-scattering mechanism in an antiferromagnet}},
volume = {41},
year = {1985}
}
@article{Liu2011,
author = {Liu, Cheng-Cheng and Jiang, Hua and Yao, Yugui},
doi = {10.1103/PhysRevB.84.195430},
journal = {Phys. Rev. B},
number = {19},
pages = {195430},
publisher = {American Physical Society},
title = {{Low-energy effective Hamiltonian involving spin-orbit coupling in silicene and two-dimensional germanium and tin}},
url = {https://link.aps.org/doi/10.1103/PhysRevB.84.195430},
volume = {84},
year = {2011}
}
@article{Binasch1989,
author = {Binasch, G. and Gr{\"{u}}nberg, P. and Saurenbach, F. and Zinn, W.},
doi = {10.1103/PhysRevB.39.4828},
journal = {Physical Review B},
title = {{Enhanced magnetoresistance in layered magnetic structures with antiferromagnetic interlayer exchange}},
year = {1989}
}
@article{Rachel2010,
archivePrefix = {arXiv},
arxivId = {1003.2238},
author = {Rachel, Stephan and {Le Hur}, Karyn},
doi = {10.1103/PhysRevB.82.075106},
eprint = {1003.2238},
journal = {Physical Review B - Condensed Matter and Materials Physics},
title = {{Topological insulators and Mott physics from the Hubbard interaction}},
year = {2010}
}
@article{Protopopov2018,
author = {Protopopov, Ivan and Abanin, Dmitry},
journal = {arXiv e-prints},
pages = {arXiv:1808.05764},
title = {{Spin-mediated particle transport in the disordered Hubbard model}},
year = {2018}
}
@techreport{Barbeau2018,
archivePrefix = {arXiv},
arxivId = {arXiv:1803.03796v1},
author = {Barbeau, M M S and Eckstein, M and Katsnelson, M I and Mentink, J H},
eprint = {arXiv:1803.03796v1},
file = {:C$\backslash$:/Users/Usuario/AppData/Local/Mendeley Ltd./Mendeley Desktop/Downloaded/Barbeau et al. - 2018 - Optical control of competing exchange interactions and coherent spin-charge coupling in two-orbital Mott insulat.pdf:pdf},
title = {{Optical control of competing exchange interactions and coherent spin-charge coupling in two-orbital Mott insulators}},
year = {2018}
}
@article{Ando2009,
author = {Ando, Tsuneya},
journal = {Npg Asia Materials},
pages = {17},
publisher = {Tokyo Institute of Technology},
title = {{The electronic properties of graphene and carbon nanotubes}},
volume = {1},
year = {2009}
}
@article{Kawahara2012,
annote = {Advances in non-volatile memory technology},
author = {Kawahara, T and Ito, K and Takemura, R and Ohno, H},
doi = {https://doi.org/10.1016/j.microrel.2011.09.028},
journal = {Microelectronics Reliability},
number = {4},
pages = {613--627},
title = {{Spin-transfer torque RAM technology: Review and prospect}},
url = {http://www.sciencedirect.com/science/article/pii/S002627141100446X},
volume = {52},
year = {2012}
}
@article{Bordia2017,
author = {Bordia, Pranjal and L{\"{u}}schen, Henrik and Schneider, Ulrich and Knap, Michael and Bloch, Immanuel},
journal = {Nature Physics},
pages = {460},
publisher = {Nature Publishing Group},
title = {{Periodically driving a many-body localized quantum system}},
volume = {13},
year = {2017}
}
@article{Desbuquois2017,
author = {Desbuquois, R{\'{e}}mi and Messer, Michael and G{\"{o}}rg, Frederik and Sandholzer, Kilian and Jotzu, Gregor and Esslinger, Tilman},
doi = {10.1103/PhysRevA.96.053602},
journal = {Phys. Rev. A},
number = {5},
pages = {53602},
publisher = {American Physical Society},
title = {{Controlling the Floquet state population and observing micromotion in a periodically driven two-body quantum system}},
volume = {96},
year = {2017}
}
@misc{Gomonay2018,
author = {Gomonay, O. and Baltz, V. and Brataas, A. and Tserkovnyak, Y.},
booktitle = {Nature Physics},
doi = {10.1038/s41567-018-0049-4},
title = {{Antiferromagnetic spin textures and dynamics}},
year = {2018}
}
@article{Kane2005,
author = {Kane, C L and Mele, E J},
doi = {10.1103/PhysRevLett.95.226801},
journal = {Phys. Rev. Lett.},
number = {22},
pages = {226801},
publisher = {American Physical Society},
title = {{Quantum Spin Hall Effect in Graphene}},
url = {https://link.aps.org/doi/10.1103/PhysRevLett.95.226801},
volume = {95},
year = {2005}
}
@article{Baibich1988,
abstract = {GMR; classic},
archivePrefix = {arXiv},
arxivId = {http://dx.doi.org/10.1103/PhysRevLett.61.2472},
author = {Baibich, M. N. and Broto, J. M. and Fert, A. and {Van Dau}, F. Nguyen and Petroff, F. and Eitenne, P. and Creuzet, G. and Friederich, A. and Chazelas, J.},
doi = {10.1103/PhysRevLett.61.2472},
eprint = {/dx.doi.org/10.1103/PhysRevLett.61.2472},
journal = {Physical Review Letters},
primaryClass = {http:},
title = {{Giant magnetoresistance of (001)Fe/(001)Cr magnetic superlattices}},
year = {1988}
}
@incollection{Bandiera2015,
author = {Bandiera, S{\'{e}}bastien and Dieny, Bernard},
booktitle = {Handbook of Spintronics},
doi = {10.1007/978-94-007-6892-5_40},
title = {{Thermally assisted MRAM}},
year = {2015}
}
@article{Chen2018,
author = {Chen, Lebing and Chung, Jae-Ho and Gao, Bin and Chen, Tong and Stone, Matthew B and Kolesnikov, Alexander I and Huang, Qingzhen and Dai, Pengcheng},
doi = {10.1103/PhysRevX.8.041028},
journal = {Phys. Rev. X},
number = {4},
pages = {41028},
publisher = {American Physical Society},
title = {{Topological Spin Excitations in Honeycomb Ferromagnet {\$} CrI{\_}3{\$}}},
url = {https://link.aps.org/doi/10.1103/PhysRevX.8.041028},
volume = {8},
year = {2018}
}
@misc{Akerman2005,
author = {{\AA}kerman, Johan},
booktitle = {Science},
doi = {10.1126/science.1110549},
title = {{Toward a universal memory}},
year = {2005}
}
@article{Kitamura2017,
author = {Kitamura, Sota and Oka, Takashi and Aoki, Hideo},
doi = {10.1103/PhysRevB.96.014406},
journal = {Phys. Rev. B},
number = {1},
pages = {14406},
publisher = {American Physical Society},
title = {{Probing and controlling spin chirality in Mott insulators by circularly polarized laser}},
url = {https://link.aps.org/doi/10.1103/PhysRevB.96.014406},
volume = {96},
year = {2017}
}
@article{Kimel2005,
author = {Kimel, A. V. and Kirilyuk, A. and Usachev, P. A. and Pisarev, R. V. and Balbashov, A. M. and Rasing, Th},
doi = {10.1038/nature03564},
journal = {Nature},
title = {{Ultrafast non-thermal control of magnetization by instantaneous photomagnetic pulses}},
year = {2005}
}
@misc{MacDonald2011,
archivePrefix = {arXiv},
arxivId = {cond-mat/0510797},
author = {MacDonald, A. H. and Tsoi, M.},
booktitle = {Philosophical Transactions of the Royal Society A: Mathematical, Physical and Engineering Sciences},
doi = {10.1098/rsta.2011.0014},
eprint = {0510797},
keywords = {Antiferromagnets,Exchange bias,Giant magnetoresistance,Spin-transfer torque,Spintronics},
primaryClass = {cond-mat},
title = {{Antiferromagnetic metal spintronics}},
year = {2011}
}
@article{Elyasi2018,
author = {Elyasi, Mehrdad and Sato, Koji and Bauer, Gerrit E.{\~{}}W.},
journal = {arXiv e-prints},
keywords = {Condensed Matter - Materials Science,Condensed Matter - Mesoscale and Nanoscale Physics},
pages = {arXiv:1812.03738},
title = {{Topologically nontrivial magnonic solitons}},
year = {2018}
}
@article{Gorg2018,
author = {G{\"{o}}rg, Frederik and Messer, Michael and Sandholzer, Kilian and Jotzu, Gregor and Desbuquois, R{\'{e}}mi and Esslinger, Tilman},
journal = {Nature},
pages = {481},
publisher = {Macmillan Publishers Limited, part of Springer Nature. All rights reserved.},
title = {{Enhancement and sign change of magnetic correlations in a driven quantum many-body system}},
volume = {553},
year = {2018}
}
@article{MacDonald1988,
archivePrefix = {arXiv},
arxivId = {cond-mat/9507096},
author = {MacDonald, A. H. and Girvin, S. M. and Yoshioka, D.},
doi = {10.1103/PhysRevB.37.9753},
eprint = {9507096},
journal = {Physical Review B},
primaryClass = {cond-mat},
title = {{TU expansion for the Hubbard model}},
year = {1988}
}
@article{Sekine2016,
author = {Sekine, Akihiko and Nomura, Kentaro},
doi = {10.1103/PhysRevLett.116.096401},
journal = {Phys. Rev. Lett.},
number = {9},
pages = {96401},
publisher = {American Physical Society},
title = {{Chiral Magnetic Effect and Anomalous Hall Effect in Antiferromagnetic Insulators with Spin-Orbit Coupling}},
url = {https://link.aps.org/doi/10.1103/PhysRevLett.116.096401},
volume = {116},
year = {2016}
}
@article{Liu,
archivePrefix = {arXiv},
arxivId = {1104.0657},
author = {Liu, Tianyu and Vignale, G.},
doi = {10.1103/PhysRevLett.106.247203},
eprint = {1104.0657},
file = {:C$\backslash$:/Users/Usuario/AppData/Local/Mendeley Ltd./Mendeley Desktop/Downloaded/Liu, Vignale - Unknown - Electric Control of Spin Currents and Spin-Wave Logic.pdf:pdf},
journal = {Physical Review Letters},
keywords = {7570Tj,7585+t,8575{\`{A}}d,numbers: 7530Ds},
number = {24},
title = {{Electric control of spin currents and spin-wave logic}},
volume = {106},
year = {2011}
}
@article{Castro2009,
author = {{Castro Neto}, A H and Guinea, F and Peres, N M R and Novoselov, K S and Geim, A K},
doi = {10.1103/RevModPhys.81.109},
journal = {Rev. Mod. Phys.},
number = {1},
pages = {109--162},
publisher = {American Physical Society},
title = {{The electronic properties of graphene}},
url = {https://link.aps.org/doi/10.1103/RevModPhys.81.109},
volume = {81},
year = {2009}
}
@article{Hirsch1985,
author = {Hirsch, J. E.},
doi = {10.1103/PhysRevB.31.4403},
journal = {Physical Review B},
title = {{Two-dimensional Hubbard model: Numerical simulation study}},
year = {1985}
}
@article{Laubach2014,
archivePrefix = {arXiv},
arxivId = {1312.2934},
author = {Laubach, Manuel and Reuther, Johannes and Thomale, Ronny and Rachel, Stephan},
doi = {10.1103/PhysRevB.90.165136},
eprint = {1312.2934},
journal = {Physical Review B - Condensed Matter and Materials Physics},
title = {{Rashba spin-orbit coupling in the Kane-Mele-Hubbard model}},
year = {2014}
}
@article{Qaiumzadeh2013,
archivePrefix = {arXiv},
arxivId = {arXiv:1301.3481v1},
author = {Qaiumzadeh, Alireza and Bauer, Gerrit E.W. and Brataas, Arne},
doi = {10.1103/PhysRevB.88.064416},
eprint = {arXiv:1301.3481v1},
journal = {Physical Review B - Condensed Matter and Materials Physics},
title = {{Manipulation of ferromagnets via the spin-selective optical Stark effect}},
year = {2013}
}
@article{Mentink2015,
archivePrefix = {arXiv},
arxivId = {arXiv:1407.4761v1},
author = {Mentink, J. H. and Balzer, K. and Eckstein, M.},
doi = {10.1038/ncomms7708},
eprint = {arXiv:1407.4761v1},
journal = {Nature Communications},
title = {{Ultrafast and reversible control of the exchange interaction in Mott insulators}},
year = {2015}
}
